<?xml version="1.0" encoding="UTF-8"?><collection xmlns="http://www.loc.gov/MARC21/slim"><record><leader>00459nam--2200133-i-4500</leader><controlfield tag="001">000044269</controlfield><controlfield tag="002">20161230</controlfield><controlfield tag="005">20161230201044</controlfield><controlfield tag="008">060222s1000------------r-----000-0-eng-d</controlfield><datafield ind1=" " ind2=" " tag="080"><subfield code="a">007</subfield></datafield><datafield ind1=" " ind2=" " tag="245"><subfield code="a">Theoretical problems of informatics. new trends in informatics and its terminology (collection of papers) fid 568</subfield></datafield><datafield ind1=" " ind2=" " tag="260"><subfield code="a">Moscow, International Federation For Documentation, 1979, 143p</subfield></datafield><datafield ind1=" " ind2=" " tag="490"><subfield code="a">International Federation For Documentation</subfield></datafield><datafield ind1=" " ind2=" " tag="852"><subfield code="a">48762</subfield></datafield></record></collection>